<record><leader>00000cas a22000007a 4500</leader><controlfield tag="001">13695430</controlfield><controlfield tag="008">860606d19071955txudr ne      0    0eng d</controlfield><datafield ind1=" " ind2=" " tag="010"><subfield code="a">sn 86064248 </subfield></datafield><datafield ind1=" " ind2=" " tag="040"><subfield code="a">KSH</subfield><subfield code="b">eng</subfield><subfield code="c">KSH</subfield><subfield code="d">NPT</subfield><subfield code="d">PPM</subfield><subfield code="d">MGN</subfield><subfield code="d">UBY</subfield><subfield code="d">OCLCQ</subfield><subfield code="d">OCLCF</subfield><subfield code="d">OCLCO</subfield></datafield><datafield ind1=" " ind2=" " tag="042"><subfield code="a">msc</subfield></datafield><datafield ind1=" " ind2=" " tag="043"><subfield code="a">n-us-tx</subfield></datafield><datafield ind1="0" ind2=" " tag="130"><subfield code="a">Wichita daily times (Wichita Falls, Tex.: 1907)</subfield></datafield><datafield ind1="1" ind2="0" tag="245"><subfield code="a">Wichita daily times.</subfield></datafield><datafield ind1=" " ind2=" " tag="260"><subfield code="a">Wichita Falls, Tex. :</subfield><subfield code="b">Times Pub. Co.,</subfield><subfield code="c">1907-1955.</subfield></datafield><datafield ind1=" " ind2=" " tag="300"><subfield code="a">v. :</subfield><subfield code="b">ill. ;</subfield><subfield code="c">56 cm.</subfield></datafield><datafield ind1=" " ind2=" " tag="310"><subfield code="a">Daily</subfield></datafield><datafield ind1=" " ind2=" " tag="321"><subfield code="a">Daily (except Sun.),</subfield><subfield code="b">May 14, 1907-Dec. 16, 1911</subfield></datafield><datafield ind1=" " ind2=" " tag="321"><subfield code="a">Daily (except Sat.),</subfield><subfield code="b">Dec. 17, 1911-?</subfield></datafield><datafield ind1="0" ind2=" " tag="362"><subfield code="a">Vol. 1, no. 1 (May 14, 1907)-v. 49, no. 201 (Nov. 30, 1955).</subfield></datafield><datafield ind1=" " ind2=" " tag="580"><subfield code="a">Weekly edition: Wichita weekly times (Wichita Falls, Tex.).</subfield></datafield><datafield ind1=" " ind2="0" tag="651"><subfield code="a">Wichita Falls (Tex.)</subfield><subfield code="v">Newspapers.</subfield></datafield><datafield ind1=" " ind2="7" tag="655"><subfield code="a">Newspapers.</subfield><subfield code="2">fast</subfield><subfield code="0">(OCoLC)fst01423814</subfield></datafield><datafield ind1=" " ind2="7" tag="651"><subfield code="a">Texas</subfield><subfield code="z">Wichita Falls.</subfield><subfield code="2">fast</subfield><subfield code="0">(OCoLC)fst01217756</subfield></datafield><datafield ind1=" " ind2=" " tag="752"><subfield code="a">United States</subfield><subfield code="b">Texas</subfield><subfield code="c">Wichita</subfield><subfield code="d">Wichita Falls.</subfield></datafield><datafield ind1="1" ind2=" " tag="775"><subfield code="t">Wichita weekly times</subfield><subfield code="w">(OCoLC)15188903</subfield></datafield><datafield ind1="0" ind2="0" tag="785"><subfield code="t">Wichita Falls times</subfield><subfield code="w">(OCoLC)9690572</subfield></datafield></record>